@article{alam15,
    author = {{Alam}, S. and {Albareti}, F.~D. and {Allende Prieto}, C. and
             {Anders}, F. and {Anderson}, S.~F. and {Anderton}, T. and {Andrews}, B.~H. and
             {Armengaud}, E. and {Aubourg}, {\'E}. and {Bailey}, S. and et al.},
    title = "{The Eleventh and Twelfth Data Releases of the Sloan Digital Sky Survey:
              Final Data from SDSS-III}",
    journal = {The Astrophysical Journal Supplement Series},
    archivePrefix = "arXiv",
    eprint = {1501.00963},
    primaryClass = "astro-ph.IM",
    keywords = {atlases, catalogs, surveys},
    year = 2015,
    month = jul,
    volume = 219,
    eid = {12},
    pages = {12},
    doi = {10.1088/0067-0049/219/1/12},
    adsurl = {http://adsabs.harvard.edu/abs/2015ApJS..219...12A},
    adsnote = {Provided by the SAO/NASA Astrophysics Data System}
}

@thesis{tran15,
  author = {Alasdair Tran},
  title = {Photometric Classification with Thompson Sampling},
  year = {2015},
  url = {https://github.com/chengsoonong/mclass-sky/blob/master/projects/alasdair/thesis/tran15honours-thesis.pdf},
  type = {Honours Thesis},
  institution = {Australian National University},
}

@article{angluin88,
    title={Queries and concept learning},
    author={Angluin, Dana},
    journal={Machine learning},
    volume={2},
    number={4},
    pages={319--342},
    year={1988},
    publisher={Springer}
}

@article{audibert09,
    title = "Exploration–exploitation tradeoff using variance estimates in multi-armed bandits",
    journal = "Theoretical Computer Science",
    volume = "410",
    number = "19",
    pages = "1876 - 1902",
    year = "2009",
    note = "Algorithmic Learning Theory",
    issn = "0304-3975",
    doi = "https://doi.org/10.1016/j.tcs.2009.01.016",
    url = "http://www.sciencedirect.com/science/article/pii/S030439750900067X",
    author = "Jean-Yves Audibert and Rémi Munos and Csaba Szepesvári",
    keywords = "Exploration–exploitation tradeoff",
    keywords = "Multi-armed bandits",
    keywords = "Bernstein’s inequality",
    keywords = "High-probability bound",
    keywords = "Risk analysis"
}

@article{auer02finite,
    author = {Auer, Peter and Cesa-Bianchi, Nicol\`{o} and Fischer, Paul},
    title = {Finite-time Analysis of the Multiarmed Bandit Problem},
    journal = {Mach. Learn.},
    issue_date = {May-June 2002},
    volume = {47},
    number = {2-3},
    month = may,
    year = {2002},
    issn = {0885-6125},
    pages = {235--256},
    numpages = {22},
    url = {http://dx.doi.org/10.1023/A:1013689704352},
    doi = {10.1023/A:1013689704352},
    acmid = {599677},
    publisher = {Kluwer Academic Publishers},
    address = {Hingham, MA, USA},
    keywords = {adaptive allocation rules, bandit problems, finite horizon regret},
}

@article{auer2002nonstochastic,
    title={The nonstochastic multiarmed bandit problem},
    author={Auer, Peter and Cesa-Bianchi, Nicolo and Freund, Yoav and Schapire, Robert E},
    journal={SIAM journal on computing},
    volume={32},
    number={1},
    pages={48--77},
    year={2002},
    publisher={SIAM}
}

@article{balcan12,
    author    = {Maria{-}Florina Balcan and
               Philip M. Long},
    title     = {Active and passive learning of linear separators under log-concave
               distributions},
    journal   = {CoRR},
    volume    = {abs/1211.1082},
    year      = {2012},
    url       = {http://arxiv.org/abs/1211.1082},
    timestamp = {Sat, 01 Dec 2012 20:32:36 +0100},
    biburl    = {http://dblp.uni-trier.de/rec/bib/journals/corr/abs-1211-1082},
    bibsource = {dblp computer science bibliography, http://dblp.org}
}

@article{bazell05,
      author         = "Bazell, David and Miller, David J. and SubbaRao, Mark",
      title          = "{Objective subclass determination of sloan digital sky
                        survey unknown spectral objects}",
      journal        = "Astrophys. J.",
      volume         = "649",
      year           = "2006",
      pages          = "678-691",
      doi            = "10.1086/506504",
      eprint         = "astro-ph/0512119",
      archivePrefix  = "arXiv",
      primaryClass   = "astro-ph",
      SLACcitation   = "%%CITATION = ASTRO-PH/0512119;%%"
}

@article{berry85,
  title={Bandit problems: sequential allocation of experiments (Monographs on statistics and applied probability)},
  author={Berry, Donald A and Fristedt, Bert},
  journal={London: Chapman and Hall},
  volume={5},
  pages={71--87},
  year={1985},
  publisher={Springer}
}


@article{blanton01,
    author = {{Blanton}, M.~R. and {Dalcanton}, J. and {Eisenstein}, D. and
             {Loveday}, J. and {Strauss}, M.~A. and {SubbaRao}, M. and {Weinberg}, D.~H. and
             {Anderson}, Jr., J.~E. and {Annis}, J. and {Bahcall}, N.~A. and et al.},
    title = "{The Luminosity Function of Galaxies in SDSS Commissioning Data}",
    journal = {The Astronomical Journal},
    eprint = {astro-ph/0012085},
    keywords = {Galaxies: Fundamental Parameters, Galaxies: Photometry, Galaxies: Statistics},
    year = 2001,
    month = may,
    volume = 121,
    pages = {2358-2380},
    doi = {10.1086/320405},
    adsurl = {http://adsabs.harvard.edu/abs/2001AJ....121.2358B},
    adsnote = {Provided by the SAO/NASA Astrophysics Data System}
}

@inproceedings{boser92,
    author = {Boser, Bernhard E. and Guyon, Isabelle M. and Vapnik, Vladimir N.},
    title = {A Training Algorithm for Optimal Margin Classifiers},
    booktitle = {Proceedings of the Fifth Annual Workshop on Computational Learning Theory},
    series = {COLT '92},
    year = {1992},
    isbn = {0-89791-497-X},
    location = {Pittsburgh, Pennsylvania, USA},
    pages = {144--152},
    numpages = {9},
    url = {http://doi.acm.org/10.1145/130385.130401},
    doi = {10.1145/130385.130401},
    acmid = {130401},
    publisher = {ACM},
    address = {New York, NY, USA},
}

@book{breiman84,
  title={Classification and regression trees},
  author={Breiman, Leo and Friedman, Jerome and Stone, Charles J and Olshen, Richard A},
  year={1984},
  publisher={CRC press}
}

@article{breiman96,
    title={Bagging predictors},
    author={Breiman, Leo},
    journal={Machine learning},
    volume={24},
    number={2},
    pages={123--140},
    year={1996},
    publisher={Springer}
}

@article{breiman01,
  title={Random forests},
  author={Breiman, Leo},
  journal={Machine learning},
  volume={45},
  number={1},
  pages={5--32},
  year={2001},
  publisher={Springer}
}

@inproceedings{brinker03,
 author = {Brinker, Klaus},
 title = {Incorporating Diversity in Active Learning with Support Vector Machines},
 booktitle = {Proceedings of the Twentieth International Conference on International Conference on Machine Learning},
 series = {ICML'03},
 year = {2003},
 isbn = {1-57735-189-4},
 location = {Washington, DC, USA},
 pages = {59--66},
 numpages = {8},
 url = {http://dl.acm.org/citation.cfm?id=3041838.3041846},
 acmid = {3041846},
 publisher = {AAAI Press},
}


@inproceedings{brodersen10,
    author = {Brodersen, Kay Henning and Ong, Cheng Soon and Stephan, Klaas Enno and
              Buhmann, Joachim M.},
    title = {The Balanced Accuracy and Its Posterior Distribution},
    booktitle = {Proceedings of the 2010 20th International Conference on Pattern Recognition},
    series = {ICPR '10},
    year = {2010},
    isbn = {978-0-7695-4109-9},
    pages = {3121--3124},
    numpages = {4},
    url = {http://dx.doi.org/10.1109/ICPR.2010.764},
    doi = {10.1109/ICPR.2010.764},
    acmid = {1905533},
    publisher = {IEEE Computer Society},
    address = {Washington, DC, USA},
    keywords = {classification performance, generalizability, bias, class imbalance},
}

@incollection{chapelle11,
    title = {An Empirical Evaluation of Thompson Sampling},
    author = {Olivier Chapelle and Lihong Li},
    booktitle = {Advances in Neural Information Processing Systems 24},
    editor = {J. Shawe-Taylor and R.S. Zemel and P.L. Bartlett and F. Pereira and K.Q. Weinberger},
    pages = {2249--2257},
    year = {2011},
    publisher = {Curran Associates, Inc.},
    url = {http://papers.nips.cc/paper/4321-an-empirical-evaluation-of-thompson-sampling.pdf}
}

@article{cohn94,
    year={1994},
    issn={0885-6125},
    journal={Machine Learning},
    volume={15},
    number={2},
    doi={10.1023/A:1022673506211},
    title={Improving Generalization with Active Learning},
    url={http://dx.doi.org/10.1023/A%3A1022673506211},
    publisher={Kluwer Academic Publishers-Plenum Publishers},
    keywords={queries; active learning; generalization; version space; neural networks},
    author={Cohn, David and Atlas, Les and Ladner, Richard},
    pages={201-221},
    language={English}
}


@incollection{cohn97,
    title = {Minimizing Statistical Bias with Queries},
    author = {David A. Cohn},
    booktitle = {Advances in Neural Information Processing Systems 9},
    editor = {M.C. Mozer and M.I. Jordan and T. Petsche},
    pages = {417--423},
    year = {1997},
    publisher = {MIT Press},
    url = {http://papers.nips.cc/paper/1288-minimizing-statistical-bias-with-queries.pdf}
}


@article{cox58,
    jstor_articletype = {research-article},
    title = {The Regression Analysis of Binary Sequences},
    author = {Cox, D. R.},
    journal = {Journal of the Royal Statistical Society. Series B (Methodological)},
    jstor_issuetitle = {},
    volume = {20},
    number = {2},
    jstor_formatteddate = {1958},
    pages = {215--242},
    url = {http://www.jstor.org/stable/2983890},
    ISSN = {00359246},
    language = {English},
    year = {1958},
    publisher = {Wiley for the Royal Statistical Society},
    copyright = {Copyright © 1958 Royal Statistical Society},
}

@article{crammer02,
    title={On the algorithmic implementation of multiclass kernel-based vector machines},
    author={Crammer, Koby and Singer, Yoram},
    journal={The Journal of Machine Learning Research},
    volume={2},
    pages={265--292},
    year={2002},
    publisher={JMLR. org}
}

@inproceedings{elting08,
    author = {{Elting}, C. and {Bailer-Jones}, C.~A.~L. and {Smith}, K.~W.},
    title = "{Photometric Classification of Stars, Galaxies and Quasars in the
              Sloan Digital Sky Survey DR6 Using Support Vector Machines}",
    booktitle = {American Institute of Physics Conference Series},
    year = 2008,
    series = {American Institute of Physics Conference Series},
    volume = 1082,
    editor = {{Bailer-Jones}, C.~A.~L.},
    month = dec,
    pages = {9-14},
    doi = {10.1063/1.3059095},
    adsurl = {http://adsabs.harvard.edu/abs/2008AIPC.1082....9E},
    adsnote = {Provided by the SAO/NASA Astrophysics Data System}
}

@inproceedings{freund96,
  title={Experiments with a new boosting algorithm},
  author={Freund, Yoav and Schapire, Robert E and others},
  booktitle={Icml},
  volume={96},
  pages={148--156},
  year={1996}
}

@article{freund97,
    title={Selective sampling using the query by committee algorithm},
    author={Freund, Yoav and Seung, H Sebastian and Shamir, Eli and Tishby, Naftali},
    journal={Machine learning},
    volume={28},
    number={2-3},
    pages={133--168},
    year={1997},
    publisher={Springer}
}

@inproceedings{gupta11,
    author = {Gupta, Neha and Granmo, Ole-Christoffer and Agrawala, Ashok},
    title = {Thompson Sampling for Dynamic Multi-armed Bandits},
    booktitle = {Proceedings of the 2011 10th International Conference on
                 Machine Learning and Applications  and  Workshops - Volume 01},
    series = {ICMLA '11},
    year = {2011},
    isbn = {978-0-7695-4607-0},
    pages = {484--489},
    numpages = {6},
    url = {http://dx.doi.org/10.1109/ICMLA.2011.144},
    doi = {10.1109/ICMLA.2011.144},
    acmid = {2353186},
    publisher = {IEEE Computer Society},
    address = {Washington, DC, USA},
    keywords = {Multi-Armed Bandits, Bayesian Techniques, Learning Algorithms},
}

@masterthesis{hala14,
    author    = {Pavel H{\'{a}}la},
    title     = {Spectral classification using convolutional neural networks},
    school    = {Masaryk University},
    year      = {2014},
    url       = {http://arxiv.org/abs/1412.8341},
}

@book{hanneke14,
    title = {Theory of Active Learning},
    author = {Steve Hanneke},
    year = {2014},
    note = {Unpublished},
}

@article{ho98,
    author={Tin Kam Ho},
    journal={Pattern Analysis and Machine Intelligence, IEEE Transactions on},
    title={The random subspace method for constructing decision forests},
    year={1998},
    volume={20},
    number={8},
    pages={832-844},
    keywords={decision theory;learning (artificial intelligence);pattern classification;random processes;trees (mathematics);classification accuracy;decision forests;decision tree based classifier;decision trees;feature vector;generalization accuracy;maximum accuracy;overfitting;random subspace method;Binary trees;Classification tree analysis;Clustering algorithms;Decision trees;Stochastic systems;Support vector machine classification;Support vector machines;Tin;Training data},
    doi={10.1109/34.709601},
    ISSN={0162-8828},
    month={8},
}

@inproceedings{lewis94,
    title = {A sequential algorithm for training text classifiers},
    author = {Lewis, David D and Gale, William A},
    booktitle = {Proceedings of the 17th annual international ACM SIGIR conference on Research and development in information retrieval},
    pages = {3--12},
    year = {1994},
    organization = {Springer-Verlag New York, Inc.}
}

@misc{lichman13 ,
author = "M. Lichman",
year = "2013",
title = "{UCI} Machine Learning Repository",
url = "http://archive.ics.uci.edu/ml",
institution = "University of California, Irvine, School of Information and Computer Sciences" }

@InCollection{list13,
	author       =	{List, Christian},
	title        =	{Social Choice Theory},
	booktitle    =	{The Stanford Encyclopedia of Philosophy},
	editor       =	{Edward N. Zalta},
	howpublished =	{\url{https://plato.stanford.edu/archives/win2013/entries/social-choice/}},
	year         =	{2013},
	edition      =	{Winter 2013},
	publisher    =	{Metaphysics Research Lab, Stanford University}
}

@inproceedings{louppe12,
    author = {Louppe, Gilles and Geurts, Pierre},
    title = {Ensembles on Random Patches},
    booktitle = {Proceedings of the 2012 European Conference on Machine Learning and Knowledge Discovery in Databases - Volume Part I},
    series = {ECML PKDD'12},
    year = {2012},
    isbn = {978-3-642-33459-7},
    location = {Bristol, UK},
    pages = {346--361},
    numpages = {16},
    url = {http://dx.doi.org/10.1007/978-3-642-33460-3_28},
    doi = {10.1007/978-3-642-33460-3_28},
    acmid = {2405508},
    publisher = {Springer-Verlag},
    address = {Berlin, Heidelberg},
}

@article{lupton99,
      author = "Lupton, Robert and Gunn, James E. and Szalay, Alex",
      title = "{A modified magnitude system that produces well-behaved
                        magnitudes, colors, and errors even for low
                        signal-to-noise ratio measurements}",
      journal = "Astron. J.",
      volume = "118",
      year = "1999",
      pages = "1406",
      doi = "10.1086/301004",
      eprint = "astro-ph/9903081",
      archivePrefix = "arXiv",
      primaryClass = "astro-ph",
      SLACcitation = "%%CITATION = ASTRO-PH/9903081;%%"
}

@PhdThesis{mackay91,
    title = "{Bayesian methods for adaptive models}",
    author = "David J.C. MacKay",
    school = "California Institute of Technology",
    month = "12",
    year = "1991",
}

@inproceedings{mccallum98,
    author = {McCallum, Andrew and Nigam, Kamal},
    title = {Employing {EM} and Pool-Based Active Learning for Text Classification},
    booktitle = {Proceedings of the Fifteenth International Conference on Machine Learning},
    series = {ICML '98},
    year = {1998},
    isbn = {1-55860-556-8},
    pages = {350--358},
    numpages = {9},
    url = {http://dl.acm.org/citation.cfm?id=645527.757765},
    acmid = {757765},
    publisher = {Morgan Kaufmann Publishers Inc.},
    address = {San Francisco, CA, USA},
}

@inproceedings{melville04,
    title = {Diverse ensembles for active learning},
    author = {Melville, Prem and Mooney, Raymond J},
    booktitle = {Proceedings of the twenty-first international conference on Machine learning},
    pages = {74},
    year = {2004},
    organization = {ACM}
}

@book{palmer01,
    title = {The CCD Photometric Calibration Cookbook},
    author = {Palmer, J. and Davenhall, A.~C.},
    year = {2001},
    publisher = {Council for the Central Laboratory of the Research Councils},
}

@article{pedregosa11,
    title = {Scikit-learn: Machine Learning in {P}ython},
    author = {Pedregosa, F. and Varoquaux, G. and Gramfort, A. and Michel, V.
            and Thirion, B. and Grisel, O. and Blondel, M. and Prettenhofer, P.
            and Weiss, R. and Dubourg, V. and Vanderplas, J. and Passos, A. and
            Cournapeau, D. and Brucher, M. and Perrot, M. and Duchesnay, E.},
    journal = {Journal of Machine Learning Research},
    volume = {12},
    pages = {2825--2830},
    year = {2011}
}

@inproceedings{rahimi08,
  title={Random features for large-scale kernel machines},
  author={Rahimi, Ali and Recht, Benjamin},
  booktitle={Advances in neural information processing systems},
  pages={1177--1184},
  year={2008}
}

@article{reichart08,
  title={Multi-task active learning for linguistic annotations},
  author={Reichart, Roi and Tomanek, Katrin and Hahn, Udo and Rappoport, Ari},
  journal={Proceedings of ACL-08: HLT},
  pages={861--869},
  year={2008}
}

@book{romanishin02,
    title = {An Introduction to Astronomical Photometry Using CCDs},
    author = {Romanishin, W},
    publisher = {University of Oklahoma},
    year = {2002}
}

@article{reyes18,
title = "Effective active learning strategy for multi-label learning",
journal = "Neurocomputing",
volume = "273",
pages = "494 - 508",
year = "2018",
issn = "0925-2312",
doi = "https://doi.org/10.1016/j.neucom.2017.08.001",
url = "http://www.sciencedirect.com/science/article/pii/S0925231217313371",
author = "Oscar Reyes and Carlos Morell and Sebastián Ventura",
keywords = "Multi-label active learning, Multi-label classification, Label ranking"
}

@article{schein07,
    author = {Schein, Andrew I. and Ungar, Lyle H.},
    title = {Active Learning for Logistic Regression: An Evaluation},
    journal = {Mach. Learn.},
    issue_date = {October   2007},
    volume = {68},
    number = {3},
    month = oct,
    year = {2007},
    issn = {0885-6125},
    pages = {235--265},
    numpages = {31},
    url = {http://dx.doi.org/10.1007/s10994-007-5019-5},
    doi = {10.1007/s10994-007-5019-5},
    acmid = {1286079},
    publisher = {Kluwer Academic Publishers},
    address = {Hingham, MA, USA},
    keywords = {Active learning, Experimental design, Generalized linear models,
                Logistic regression},
}

@article{schlafly11,
    author = {{Schlafly}, E.~F. and {Finkbeiner}, D.~P.},
    title = "{Measuring Reddening with Sloan Digital Sky Survey Stellar Spectra and
              Recalibrating SFD}",
    journal = {The Astrophysical Journal},
    archivePrefix = "arXiv",
    eprint = {1012.4804},
    primaryClass = "astro-ph.GA",
    keywords = {dust, extinction, Galaxy: stellar content, ISM: clouds},
    year = 2011,
    month = aug,
    volume = 737,
    eid = {103},
    pages = {103},
    doi = {10.1088/0004-637X/737/2/103},
    adsurl = {http://adsabs.harvard.edu/abs/2011ApJ...737..103S},
    adsnote = {Provided by the SAO/NASA Astrophysics Data System}
}

@incollection{scheffer01,
	year={2001},
	isbn={978-3-540-42581-6},
	booktitle={Advances in Intelligent Data Analysis},
	volume={2189},
	series={Lecture Notes in Computer Science},
	editor={Hoffmann, Frank and Hand, DavidJ. and Adams, Niall and Fisher, Douglas and Guimaraes, Gabriela},
	doi={10.1007/3-540-44816-0_31},
	title={Active Hidden Markov Models for Information Extraction},
	url={http://dx.doi.org/10.1007/3-540-44816-0_31},
	publisher={Springer Berlin Heidelberg},
	author={Scheffer, Tobias and Decomain, Christian and Wrobel, Stefan},
	pages={309-318},
	language={English}
}


@article{schlegel98,
    author = {{Schlegel}, D.~J. and {Finkbeiner}, D.~P. and {Davis}, M.},
    title = "{Maps of Dust Infrared Emission for Use in Estimation of
              Reddening and Cosmic Microwave Background Radiation Foregrounds}",
    journal = {The Astrophysical Journal},
    eprint = {astro-ph/9710327},
    year = 1998,
    month = jun,
    volume = 500,
    pages = {525-553},
    doi = {10.1086/305772},
    adsurl = {http://adsabs.harvard.edu/abs/1998ApJ...500..525S},
    adsnote = {Provided by the SAO/NASA Astrophysics Data System}
}

@Article{schulze11,
    author="Schulze, Markus",
    title="A new monotonic, clone-independent, reversal symmetric, and condorcet-consistent single-winner election method",
    journal="Social Choice and Welfare",
    year="2011",
    month="2",
    day="01",
    volume="36",
    number="2",
    pages="267--303",
    abstract="In recent years, the Pirate Party of Sweden, the Wikimedia Foundation, the Debian project, the ``Software in the Public Interest'' project, the Gentoo project, and many other private organizations adopted a new single-winner election method for internal elections and referendums. In this article, we will introduce this method, demonstrate that it satisfies, e.g., resolvability, Condorcet, Pareto, reversal symmetry, monotonicity, and independence of clones and present an O(C^3) algorithm to calculate the winner, where C is the number of alternatives.",
    issn="1432-217X",
    doi="10.1007/s00355-010-0475-4",
    url="https://doi.org/10.1007/s00355-010-0475-4"
}


@inproceedings{settles08,
	title={An analysis of active learning strategies for sequence labeling tasks},
	author={Settles, Burr and Craven, Mark},
	booktitle={Proceedings of the conference on empirical methods in natural language processing},
	pages={1070--1079},
	year={2008},
	organization={Association for Computational Linguistics}
}

@article{settles12,
  title={Active learning},
  author={Settles, Burr},
  journal={Synthesis Lectures on Artificial Intelligence and Machine Learning},
  volume={6},
  number={1},
  pages={1--114},
  year={2012},
  publisher={Morgan \& Claypool Publishers}
}

@article{shanks15,
    author = {{Shanks}, T. and {Metcalfe}, N. and {Chehade}, B. and {Findlay}, J.~R. and
    {Irwin}, M.~J. and {Gonzalez-Solares}, E. and {Lewis}, J.~R. and
    {Yoldas}, A.~K. and {Mann}, R.~G. and {Read}, M.~A. and {Sutorius}, E.~T.~W. and
    {Voutsinas}, S.},
    title = "{The VLT Survey Telescope ATLAS}",
    journal = {Monthly Notices of the Royal Astronomical Society},
    archivePrefix = "arXiv",
    eprint = {1502.05432},
    keywords = {catalogues, surveys, cosmology: observations, large-scale structure of Universe},
    year = 2015,
    month = aug,
    volume = 451,
    pages = {4238-4252},
    doi = {10.1093/mnras/stv1130},
    adsurl = {http://adsabs.harvard.edu/abs/2015MNRAS.451.4238S},
    adsnote = {Provided by the SAO/NASA Astrophysics Data System}
}

@article{shannon48,
	author = {Shannon, C. E.},
	title = {A Mathematical Theory of Communication},
	journal = {Bell System Technical Journal},
	volume = {27},
	number = {3},
	publisher = {Blackwell Publishing Ltd},
	issn = {1538-7305},
	url = {http://dx.doi.org/10.1002/j.1538-7305.1948.tb01338.x},
	doi = {10.1002/j.1538-7305.1948.tb01338.x},
	pages = {379--423},
	year = {1948},
}


@book{sparke07,
    author = {Linda S. Spark and John S. Gallagher},
    title = {Galaxies in the Universe: An Introduction},
    publisher = {Cambridge University Press},
    year = {2007},
    address = {Cambridge, UK}
}

@article{thompson33,
    jstor_articletype = {research-article},
    title = {On the Likelihood that One Unknown Probability Exceeds Another in View of
             the Evidence of Two Samples},
    author = {Thompson, William R.},
    journal = {Biometrika},
    jstor_issuetitle = {},
    volume = {25},
    number = {3/4},
    jstor_formatteddate = {Dec., 1933},
    pages = {285--294},
    url = {http://www.jstor.org/stable/2332286},
    ISSN = {00063444},
    abstract = {},
    language = {English},
    year = {1933},
    publisher = {Oxford University Press on behalf of Biometrika Trust},
    copyright = {Copyright © 1933 Biometrika Trust},
}

@article{tong02,
	title={Support vector machine active learning with applications to text classification},
	author={Tong, Simon and Koller, Daphne},
	journal={The Journal of Machine Learning Research},
	volume={2},
	pages={45--66},
	year={2002},
	publisher={JMLR. org}
	}

@article{tibshirani96,
	title={Regression shrinkage and selection via the lasso},
	author={Tibshirani, Robert},
	journal={Journal of the Royal Statistical Society. Series B (Methodological)},
	pages={267--288},
	year={1996},
	publisher={JSTOR}
}

@article{wolf14,
    author = {{Wolf}, C.},
    title = "{Milky Way dust extinction measured with QSOs}",
    journal = {Monthly Notices of the Royal Astronomical Society},
    archivePrefix = "arXiv",
    eprint = {1410.0109},
    keywords = {surveys, dust, extinction, ISM: general, Galaxy: general, quasars: general},
    year = 2014,
    month = dec,
    volume = 445,
    pages = {4252-4258},
    doi = {10.1093/mnras/stu2069},
    adsurl = {http://adsabs.harvard.edu/abs/2014MNRAS.445.4252W},
    adsnote = {Provided by the SAO/NASA Astrophysics Data System}
}

@inproceedings{xu07,
  title={Incorporating diversity and density in active learning for relevance feedback},
  author={Xu, Zuobing and Akella, Ram and Zhang, Yi},
  booktitle={European Conference on Information Retrieval},
  pages={246--257},
  year={2007},
  organization={Springer}
}

@inproceedings{hsu15,
  author = {Wei-Ning Hsu and Hsuan-Tien Lin},
  title = {Active Learning by Learning},
  booktitle = {AAAI 15},
  year = 2015,
}

@article{baram04,
  author = {Yoram Baram and Ran El-Yaniv and Kobi Luz},
  title = {Online Choice of Active Learning Algorithms},
  journal = {Journal of Machine Learning Research},
  volume = 5,
  pages = {255--291},
  year = 2004,
}

@InProceedings{garivier11,
  author =       {Aur\'elien Garivier and Olivier Capp\'e},
  title =        {The {KL-UCB} Algorithm for Bounded Stochastic Bandits and Beyond},
  booktitle = {COLT},
  year =         2011}

@InProceedings{maillard11,
  author =       {Odalric-Ambrym Maillard and R\'emi Munos and Gilles Stoltz},
  title =        {A Finite-Time Analysis of Multi-armed Bandits Problems with Kullback-Leibler Divergences},
  booktitle = {COLT},
  year =         2011}

@Article{cappe13,
  author =       {Olivier Capp\'e and Aur\'elien Garivier and Odalric-Ambrym Maillard and R\'emi Munos and Gilles Stoltz},
  title =        {Kullback-Leibler Upper Confidence Bounds for Optimal Sequential Allocation},
  journal =      {Annals of Statistics},
  year =         2013,
  volume =       41,
  number =       3,
  pages =        {1516--1541}}

@InProceedings{kaufmann12ucb,
  author =       {Emilie Kaufmann and Olivier Capp\'e and Aur\'elien Garivier},
  title =        {On Bayesian upper confidence bounds for bandit problems},
  booktitle = {AISTATS},
  year =         2012}

@InProceedings{kaufmann12thompson,
  author =       {Emilie Kaufmann and Nathaniel Korda and R\'emi Munos},
  title =        {Thompson Sampling: An Asymptotically Optimal Finite Time Analysis},
  booktitle = {ALT},
  year =         2012}

@InProceedings{korda13,
  author =       {Nathaniel Korda and Emilie Kaufmann and R\'emi Munos},
  title =        {Thompson Sampling for 1-Dimensional Exponential Family Bandits},
  booktitle = {NIPS},
  year =         2013}

@article{seldin14,
  title={One practical algorithm for both stochastic and adversarial bandits},
  author={Seldin, Yevgeny and Slivkins, Aleksandrs},
  year={2014}
}

@article{lattimore15,
  author    = {Tor Lattimore},
  title     = {Optimally Confident {UCB} : Improved Regret for Finite-Armed Bandits},
  journal   = {CoRR},
  volume    = {abs/1507.07880},
  year      = {2015},
  url       = {http://arxiv.org/abs/1507.07880},
  timestamp = {Sun, 02 Aug 2015 18:42:02 +0200},
  biburl    = {http://dblp.uni-trier.de/rec/bib/journals/corr/Lattimore15},
  bibsource = {dblp computer science bibliography, http://dblp.org}
}

@inproceedings{culotta05,
 author = {Culotta, Aron and McCallum, Andrew},
 title = {Reducing Labeling Effort for Structured Prediction Tasks},
 booktitle = {Proceedings of the 20th National Conference on Artificial Intelligence - Volume 2},
 series = {AAAI'05},
 year = {2005},
 isbn = {1-57735-236-x},
 location = {Pittsburgh, Pennsylvania},
 pages = {746--751},
 numpages = {6},
 url = {http://dl.acm.org/citation.cfm?id=1619410.1619452},
 acmid = {1619452},
 publisher = {AAAI Press},
}

@article{bedo14,
  author  = {Justin Bed\H{o} and Cheng Soon Ong},
  title   = {Multivariate Spearman's $\rho$ for Aggregating Ranks Using Copulas},
  journal = {Journal of Machine Learning Research},
  year    = {2016},
  volume  = {17},
  number  = {201},
  pages   = {1-30},
  url     = {http://jmlr.org/papers/v17/15-625.html}
}

@article{konyushkova17,
  author    = {Ksenia Konyushkova and
               Raphael Sznitman and
               Pascal Fua},
  title     = {Learning Active Learning from Real and Synthetic Data},
  journal   = {CoRR},
  volume    = {abs/1703.03365},
  year      = {2017},
  url       = {http://arxiv.org/abs/1703.03365},
  timestamp = {Wed, 07 Jun 2017 14:40:25 +0200},
  biburl    = {http://dblp.uni-trier.de/rec/bib/journals/corr/KonyushkovaSF17},
  bibsource = {dblp computer science bibliography, http://dblp.org}
}
