@book{Schroeder,
    Author = {Daniel V. Schroeder},
    Title = {An Introduction to Thermal Physics},
    Publisher = {Pearson},
    Year = {1999},
    ISBN = {0201380277}
}

@book{Bishop,
    Author = {Christopher M. Bishop},
    Title = {Pattern Recognition and Machine Learning (Information Science and Statistics)},
    Publisher = {Springer},
    Year = {2011},
    ISBN = {0387310738}
}

@book{GPBook,
    Author = {Carl Edward Rasmussen and Christopher K. I. Williams},
    Title = {Gaussian Processes for Machine Learning (Adaptive Computation and Machine Learning series)},
    Publisher = {The MIT Press},
    Year = {2005},
    ISBN = {026218253X}
}

@inproceedings{KitchenSinks,
    title={Weighted sums of random kitchen sinks: Replacing minimization with randomization in learning},
    author={Rahimi, Ali and Recht, Benjamin},
    booktitle={Advances in neural information processing systems},
    pages={1313--1320},
    year={2009}
}

@article{Deficiency,
    title={Online choice of active learning algorithms},
    author={Baram, Yoram and Yaniv, Ran El and Luz, Kobi},
    journal={Journal of Machine Learning Research},
    volume={5},
    number={Mar},
    pages={255--291},
    year={2004}
}

@inproceedings{InducingVariables,
  title={Variational learning of inducing variables in sparse {Gaussian} processes},
  author={Titsias, Michalis K},
  booktitle={International Conference on Artificial Intelligence and Statistics},
  pages={567--574},
  year={2009}
}

@book{OptimalDesign,
  Author = {Anthony Atkinson and Alexander Donev and Randall Tobias},
  Title = {Optimum Experimental Designs, with SAS (Oxford Statistical Science Series)},
  Publisher = {Oxford University Press},
  Year = {2007},
  ISBN = {0199296596}
}

@article{Chris,
author = {Wolf, C. and Johnson, A. S. and Bilicki, M. and Blake, C. and Amon, A. and Erben, T. and Glazebrook, K. and Heymans, C. and Hildebrandt, H. and Joudaki, S. and Klaes, D. and Kuijken, K. and Lidman, C. and Marin, F. and Parkinson, D. and Poole, G.},
title = {The 2-degree Field Lensing Survey: photometric redshifts from a large new training sample to r <Â 19.5},
journal = {Monthly Notices of the Royal Astronomical Society},
volume = {466},
number = {2},
pages = {1582-1596},
year = {2017},
doi = {10.1093/mnras/stw3151},
URL = {http://dx.doi.org/10.1093/mnras/stw3151},
eprint = {/oup/backfile/content_public/journal/mnras/466/2/10.1093_mnras_stw3151/2/stw3151.pdf}
}

@inproceedings{BayesianOptimisation,
  title={Practical {Bayesian} optimization of machine learning algorithms},
  author={Snoek, Jasper and Larochelle, Hugo and Adams, Ryan P},
  booktitle={Advances in neural information processing systems},
  pages={2951--2959},
  year={2012}
}


@phdthesis{Cheng,
  title={Kernels: Regularization and optimization},
  author={Ong, Cheng Soon},
  year={2005},
  month={April},
  school={The Australian National University}
}

@inproceedings{SparseGPs,
  title={Understanding probabilistic sparse {Gaussian} process approximations},
  author={Bauer, Matthias and van der Wilk, Mark and Rasmussen, Carl Edward},
  booktitle={Advances in Neural Information Processing Systems},
  pages={1533--1541},
  year={2016}
}

@article{GPOptimisation,
  title={Gaussian process optimization in the bandit setting: No regret and experimental design},
  author={Srinivas, Niranjan and Krause, Andreas and Kakade, Sham M and Seeger, Matthias},
  journal={arXiv preprint arXiv:0912.3995},
  year={2009}
}

@article{GPOptimisationBounds,
  title={Information-theoretic regret bounds for {Gaussian} process optimization in the bandit setting},
  author={Srinivas, Niranjan and Krause, Andreas and Kakade, Sham M and Seeger, Matthias W},
  journal={IEEE Transactions on Information Theory},
  volume={58},
  number={5},
  pages={3250--3265},
  year={2012},
  publisher={IEEE}
}

@conference{GPModelSelection,
    title={Model Selection for {Gaussian} Processes},
    author={Williams, Chris},
    booktitle={Conference on Neural Information Processing Systems},
    year={2005}
}

@mastersthesis{Matt,
    title={Learning from Crowd Labels to find Black Holes},
    author={Alger, Matthew},
    year={2016},
    month={October},
    school={The Australian National University},
    type={Honours thesis}
}

    @mastersthesis{Alasdair,
    title={Photometric Classification with Thompson Sampling},
    author={Tran, Alasdair Nam Thang},
    year={2015},
    month={October},
    school={The Australian National University},
    type={Honours thesis}
}

@article{DOptimalDesign,
    title={Design of experiments: the D-optimal approach and its implementation as a computer algorithm},
    author={Triefenbach, Fabian},
    journal={Bachelor's Thesis in Information and Communication Technology},
    year={2008}
}

@article{InfluenceLeverage,
    author = "Chatterjee, Samprit and Hadi, Ali S.",
    doi = "10.1214/ss/1177013622",
    fjournal = "Statistical Science",
    journal = "Statist. Sci.",
    month = "08",
    number = "3",
    pages = "379--393",
    publisher = "The Institute of Mathematical Statistics",
    title = "Influential Observations, High Leverage Points, and Outliers in Linear Regression",
    url = "https://doi.org/10.1214/ss/1177013622",
    volume = "1",
    year = "1986"
}

@conference{GPOptimalDesign,
    author = {Horesh, Lior and Gelbart, Michael and Aravkin, Aleksandr and Zhuk, Sergiy},
    year = {2014},
    month = {January},
    pages = {},
    title = {Optimal Experimental Design using Gaussian Process Learning},
    booktitle = {Joint {SEG}-{AGU} Summer Research Workshop Advances in Active+Passive ``Full Wavefield'' Seismic Imaging: From Reservoirs to Plate Tectonics}
}

@conference{Kernels,
    url = {http://mlg.eng.cam.ac.uk/mlss09/mlss\_slides/Schoelkopf\_1.pdf},
    author = {Bernhard Sch\"olkopf},
    year = {2009},
    address = {Cambridge},
    title = {Kernel Methods},
    booktitle = {Machine Learning Summer School}
}

@book{Woodbury,
  Author = {William H. Press},
  Title = {Numerical Recipes},
  Publisher = {Cambridge University Press},
  Year = {2007},
  ISBN = {0521880688}
}

@article{SDSS,
  title={The eleventh and twelfth data releases of the {Sloan} Digital Sky Survey: final data from {SDSS-III}},
  author={Alam, Shadab and Albareti, Franco D and Prieto, Carlos Allende and Anders, Friedrich and Anderson, Scott F and Anderton, Timothy and Andrews, Brett H and Armengaud, Eric and Aubourg, {\'E}ric and Bailey, Stephen and others},
  journal={The Astrophysical Journal Supplement Series},
  volume={219},
  number={1},
  pages={12},
  year={2015},
  publisher={IOP Publishing}
}

@article{SDSSPhotoZ,
  title={A galaxy photometric redshift catalog for the Sloan Digital Sky Survey data release 6},
  author={Oyaizu, Hiroaki and Lima, Marcos and Cunha, Carlos E and Lin, Huan and Frieman, Joshua and Sheldon, Erin S},
  journal={The Astrophysical Journal},
  volume={674},
  number={2},
  pages={768},
  year={2008},
  publisher={IOP Publishing}
}

@article{ANNPhotoZ,
  author={Adrian A. Collister and Ofer Lahav},
  title={ANN z : Estimating Photometric Redshifts Using Artificial Neural Networks},
  journal={Publications of the Astronomical Society of the Pacific},
  volume={116},
  number={818},
  pages={345},
  url={http://stacks.iop.org/1538-3873/116/i=818/a=345},
  year={2004}
}

@article{Sklearn,
 title={Scikit-learn: Machine Learning in {P}ython},
 author={Pedregosa, F. and Varoquaux, G. and Gramfort, A. and Michel, V.
         and Thirion, B. and Grisel, O. and Blondel, M. and Prettenhofer, P.
         and Weiss, R. and Dubourg, V. and Vanderplas, J. and Passos, A. and
         Cournapeau, D. and Brucher, M. and Perrot, M. and Duchesnay, E.},
 journal={Journal of Machine Learning Research},
 volume={12},
 pages={2825--2830},
 year={2011}
}

@article{Astropy,
   author = {{Astropy Collaboration} and {Robitaille}, T.~P. and {Tollerud}, E.~J. and
    {Greenfield}, P. and {Droettboom}, M. and {Bray}, E. and {Aldcroft}, T. and
    {Davis}, M. and {Ginsburg}, A. and {Price-Whelan}, A.~M. and
    {Kerzendorf}, W.~E. and {Conley}, A. and {Crighton}, N. and
    {Barbary}, K. and {Muna}, D. and {Ferguson}, H. and {Grollier}, F. and
    {Parikh}, M.~M. and {Nair}, P.~H. and {Unther}, H.~M. and {Deil}, C. and
    {Woillez}, J. and {Conseil}, S. and {Kramer}, R. and {Turner}, J.~E.~H. and
    {Singer}, L. and {Fox}, R. and {Weaver}, B.~A. and {Zabalza}, V. and
    {Edwards}, Z.~I. and {Azalee Bostroem}, K. and {Burke}, D.~J. and
    {Casey}, A.~R. and {Crawford}, S.~M. and {Dencheva}, N. and
    {Ely}, J. and {Jenness}, T. and {Labrie}, K. and {Lim}, P.~L. and
    {Pierfederici}, F. and {Pontzen}, A. and {Ptak}, A. and {Refsdal}, B. and
    {Servillat}, M. and {Streicher}, O.},
    title = "{Astropy: A community {Python} package for astronomy}",
  journal = {Astronomy and Astrophysics},
archivePrefix = "arXiv",
   eprint = {1307.6212},
 primaryClass = "astro-ph.IM",
 keywords = {methods: data analysis, methods: miscellaneous, virtual observatory tools},
     year = 2013,
    month = oct,
   volume = 558,
      eid = {A33},
    pages = {A33},
      doi = {10.1051/0004-6361/201322068},
   adsurl = {http://adsabs.harvard.edu/abs/2013A%26A...558A..33A},
  adsnote = {Provided by the SAO/NASA Astrophysics Data System}
}
